% literatura.bib
%článok v časopise Americkej Diabetickej Asociácie
@article{2004,
  doi = {10.2337/diacare.28.suppl_1.s37},
  url = {https://doi.org/10.2337/diacare.28.suppl_1.s37},
  year = {2004},
  month = dec,
  publisher = {American Diabetes Association},
  volume = {28},
  number = {Supplement 1},
  pages = {S37--S42},
  title = {Diagnosis and Classification of Diabetes Mellitus}
}
%článok zo sypózia
@article{2007,
  doi = {10.1177/193229680700100303},
  url = {https://doi.org/10.1177/193229680700100303},
  year = {2007},
  month = may,
  publisher = {{SAGE} Publications},
  volume = {1},
  number = {3},
  pages = {323--330},
  author = {Chiara Dalla Man and Davide M. Raimondo and Robert A. Rizza and Claudio Cobelli},
  title = {{GIM},  Simulation Software of Meal Glucose{\textemdash}Insulin Model}
}
