% literatura.bib
%článok v časopise Americkej Diabetickej Asociácie
@article{2004,
  author = "American Diabetes Association",
  title = "Diagnosis and Classification of Diabetes Mellitus",
  journal = "American Diabetes Association",
  url = "\url{https://doi.org/10.2337/diacare.28.suppl_1.s37}",
  year = "2004",
  month = "dec",
  volume = "28",
  number = "Supplement 1",
  pages = "S37--S42",
}
%článok zo sypózia
@article{2007,
  author = "Chiara Dalla Man and Davide M. Raimondo and Robert A. Rizza and Claudio Cobelli",
  title = "{GIM},  Simulation Software of Meal Glucose{\textemdash}Insulin Model",
  journal = "{SAGE} Publications",
  url = "\url{https://doi.org/10.1177/193229680700100303}",
  year = "2007",
  month = may,
  volume = "1",
  number = "3",
  pages = "323--330",
}
%článok
@article{2000,
  author = "Erik Otto and Christopher Semotok and Jan Andrysek and Otman Basir",
  title = "An Intelligent Diabetes Software Prototype: Predicting Blood Glucose Levels and Recommending Regimen Changes",
  journal = "Mary Ann Liebert Inc",
  year = "2000",
  month = "dec",
  volume = "2",
  number = "4",
  pages = "569--576",
}

@article{2019,
  author = "Jumanah A Al-Dmour and Assim Sagahyroon and AR Al-Ali and Salah Abusnana",
  title ="A fuzzy logic–based warning system for patients classification",
  journal = "Health Informatics Journal",
  year = "2019",
  volume = "25",
  number = "3",
  pages = "1004-1024",
}
%zdroj z internetu
@misc{2013,
	author =  "Al-Dmour, Jumana",
	title = "Fuzzy Logic Based Patients' Monitoring System",
	howpublished = "\url{https://dspace.aus.edu:8443/xmlui/handle/11073/5741}"

}

@misc{2019s,
	author = "STATISTA",
	title = "Countries with the highest number of diabetics worldwide in 2019 ",
	howpublished = "\url{https://www.statista.com/statistics/281082/countries-with-highest-number-of-diabetics/}",
}